%%%%Person Re-ID%%%%
@incollection{gong2014re,
  title={The re-identification challenge},
  author={Gong, Shaogang and Cristani, Marco and Loy, Chen Change and Hospedales, Timothy M},
  booktitle={Person re-identification},
  pages={1--20},
  year={2014},
  publisher={Springer}
}

% DPFL model
@inproceedings{chen2017person,
  title={Person re-identification by deep learning multi-scale representations},
  author={Chen, Yanbei and Zhu, Xiatian and Gong, Shaogang},
  booktitle={Proceedings of the IEEE International Conference on Computer Vision},
  pages={2590--2600},
  year={2017}
}
%%%%Vehicle Re-ID%%%%

%%% Knowledge Distillation
@article{hinton2015distilling,
  title={Distilling the knowledge in a neural network},
  author={Hinton, Geoffrey and Vinyals, Oriol and Dean, Jeff},
  journal={arXiv preprint arXiv:1503.02531},
  year={2015}
}

%%% Vehicle Databases %%%

%%% Vehicle ID Database
@inproceedings{liu2016vehicleid,
  title={Deep relative distance learning: Tell the difference between similar vehicles},
  author={Liu, Hongye and Tian, Yonghong and Yang, Yaowei and Pang, Lu and Huang, Tiejun},
  booktitle={Proceedings of the IEEE Conference on Computer Vision and Pattern Recognition},
  pages={2167--2175},
  year={2016}
}

%%% VeRi776 Database
@inproceedings{liu2016veri,
  title={A deep learning-based approach to progressive vehicle re-identification for urban surveillance},
  author={Liu, Xinchen and Liu, Wu and Mei, Tao and Ma, Huadong},
  booktitle={European Conference on Computer Vision},
  pages={869--884},
  year={2016},
  organization={Springer}
}

%%% VeRi Keypoints paper
@inproceedings{wang2017orientation,
  title={Orientation invariant feature embedding and spatial temporal regularization for vehicle re-identification},
  author={Wang, Zhongdao and Tang, Luming and Liu, Xihui and Yao, Zhuliang and Yi, Shuai and Shao, Jing and Yan, Junjie and Wang, Shengjin and Li, Hongsheng and Wang, Xiaogang},
  booktitle={Proceedings of the IEEE International Conference on Computer Vision},
  pages={379--387},
  year={2017}
}

%%% CompCars Database
@inproceedings{yang2015large,
  title={A large-scale car dataset for fine-grained categorization and verification},
  author={Yang, Linjie and Luo, Ping and Change Loy, Chen and Tang, Xiaoou},
  booktitle={Proceedings of the IEEE Conference on Computer Vision and Pattern Recognition},
  pages={3973--3981},
  year={2015}
}

%%% VRIC Database
@inproceedings{kanaci2018vehicle,
  title={Vehicle Re-Identification in Context},
  author={Kanaci, Aytac and Zhu, Xiatian and Gong, Shaogang},
  booktitle={In Proc. German Conference on Pattern Recognition},
  year={2018}
}