% =========== Journals ===============
@String{tpami 	= "IEEE Transactions on Pattern Analysis and Machine Intelligence"}
@String{tip 	= "IEEE Transactions on Image Processing"}
@String{tcsvt 	= "IEEE Transactions on Circuits and Systems for Video Technology"}
@String{tnnls 	= "IEEE Transactions on Neural Networks and Learning Systems"}
@String{tmm 	= "IEEE Transactions on Multimedia"}
@String{tce	= "IEEE Transactions on Consumer Electronics"}
@String{tsp 	= "IEEE Transactions on Signal Processing"}
@String{tsmc	= "IEEE Transactions on Systems, Man, and Cybernetics"}
@String{tcadics	= "IEEE Transactions on Computer-Aided Design of Integrated Circuits and Systems"}
@String{tit	= "IEEE Transactions on Information Theory"}
@String{jmlr 	= "The Journal of Machine Learning Research"}
@String{jasa 	= "Journal of the American Statistical Association"}
@String{jair 	= "Journal of Artificial Intelligence Research"}
@String{ijcv 	= "International Journal of Computer Vision"}
@String{ivc 	= "Image and Vision Computing"}
@String{cviu 	= "Computer Vision and Image Understanding"}
@String{mva 	= "Machine Vision and Applications"}
@String{mta 	= "Multimedia Tools and Applications"}
@String{csur 	= "ACM Computing Surveys"}
@String{tomccap = "ACM Transactions on Multimedia Computing, Communications, and Applications"}
@String{pr 	= "Pattern Recognition"}
@String{prl 	= "Pattern Recognition Letters"}
@String{ml 	= "Machine Learning"}
@String{kde	= "Data Mining and Knowledge Discovery"}
@String{irj	= "Information Retrieval Journal"}
@String{ai	= "Artificial Intelligence"}
@String{nc	= "Neurocomputing"}
@String{mms	= "Multimedia Systems"}
@String{visp 	= "IEE Proceedings on Vision, Image and Signal Processing"}
@String{nn	= "Neural Networks"}


% =========== Conferences =============== 
@String{cvpr 	= "IEEE Conference on Computer Vision and Pattern Recognition"}
@String{cvprw 	= "Workshop of IEEE Conference on Computer Vision and Pattern Recognition"}
@String{iccv 	= "IEEE International Conference on Computer Vision"}
@String{iccvw 	= "Workshop of IEEE International Conference on Computer Vision"}
@String{avss 	= "IEEE International Conference on Advanced Video and Signal Based Surveillance"}
@String{icip 	= "IEEE International Conference on Image Processing"}
@String{icpr 	= "IEEE International Conference on Pattern Recognition"}
@String{icdm 	= "IEEE International Conference on Data Mining"}
@String{icdmw 	= "Workshop of IEEE International Conference on Data Mining"}
@String{isda 	= "IEEE International Conference on Intelligent Systems Design and Applications"}
@String{pets	= "IEEE International Workshop on Performance Evaluation for Tracking and Surveillance"}
@String{icme	= "IEEE International Conference on Multimedia and Expo"}
@String{icassp	= "IEEE International Conference on Acoustics, Speech, and Signal Processing"}
@String{icdar	= "IEEE International Conference on Document Analysis and Recognition"}
@String{wacv	= "IEEE Winter Conference on Applications of Computer Vision"}
@String{icmla   = "IEEE International Conference on Machine Learning and Applications"}
@String{icdsc 	= "ACM International Conference on Distributed Smart Cameras"}
@String{acmmm 	= "ACM International Conference on Multimedia"}
@String{acmmmw 	= "Workshop of ACM International Conference on Multimedia"}
@String{cikm 	= "ACM Conference on Information and Knowledge Management"}
@String{sigir 	= "ACM SIGIR Conference on Research and Development in Information Retrieval"}
@String{sigchi 	= "ACM SIGCHI Conference on Human Factors in Computing Systems"}
@String{sigkdd 	= "ACM SIGKDD International Conference on Knowledge Discovery and Data Mining"}
@String{sigkddw = "Workshop of ACM SIGKDD International Conference on Knowledge Discovery and Data Mining"}
@String{sigmod 	= "ACM SIGMOD International Conference on Management of Data"}
@String{aaai	= "AAAI Conference on Artificial Intelligence"}
@String{eccv 	= "European Conference on Computer Vision"}
@String{eccvw 	= "Workshop of European Conference on Computer Vision"}
@String{ecml 	= "European Conference of Machine Learning"}
@String{pkdd 	= "European conference on Principle and Practice of Knowledge Discovery in Databases"}
@String{icml 	= "International Conference on Machine learning"}
@String{ijcai 	= "International Joint Conference of Artificial Intelligence"}
@String{iciap 	= "International Conference on Image Analysis and Processing"}
@String{civr	= "International Conference on Image and Video Retrieval"}
@String{aistats = "International Conference on Artificial Intelligence and Statistics"}
@String{icann	= "International Conference on Artificial Neural Networks"}
@String{bmvc 	= "British Machine Vision Conference"}
@String{accv 	= "Asian Conference on Computer Vision"}
@String{accvw 	= "Workshop of Asian Conference on Computer Vision"}
@String{sdm 	= "SIAM International Conference on Data Mining"}
@String{sdmw 	= "Workshop of SIAM International Conference on Data Mining"}
@String{nips 	= "Advances in Neural Information Processing Systems"}
@String{scia 	= "Scandinavian Conference on Image Analysis"}
@String{ismir 	= "The International Society for Music Information Retrieval"}

% =========== Not published ===============
@String{arxiv 	= "arXiv e-prints"}
@String{corr 	= "Computing Research Repository"}





% binary softmax classification
@inproceedings{li2014deepreid,
	title={Deepreid: Deep filter pairing neural network for person re-identification},
	author={Li, Wei and Zhao, Rui and Xiao, Tong and Wang, Xiaogang},
	booktitle=cvpr,
	year={2014}
}
% binary softmax classification=>output similarity score for each pair of input images
@inproceedings{ahmed2015improved,
	title={An improved deep learning architecture for person re-identification},
	author={Ahmed, Ejaz and Jones, Michael and Marks, Tim K},
	booktitle=cvpr,
	year={2015}
}

@inproceedings{xiao2016learning,
	title={Learning deep feature representations with domain guided dropout for person re-identification},
	author={Xiao, Tong and Li, Hongsheng and Ouyang, Wanli and Wang, Xiaogang},
	booktitle=cvpr,
	year={2016},
	organization={IEEE}
}

@inproceedings{sun2017svdnet,
	title={Svdnet for pedestrian retrieval},
	author={Sun, Yifan and Zheng, Liang and Deng, Weijian and Wang, Shengjin},
	booktitle=iccv,
	year={2017}
}

@inproceedings{li2018harmonious,
	title={Harmonious attention network for person re-identification},
	author={Li, Wei and Zhu, Xiatian and Gong, Shaogang},
	booktitle=cvpr,
	year={2018}
}
@inproceedings{zhong2017camera,
	title={Camera Style Adaptation for Person Re-identification},
	author={Zhong, Zhun and Zheng, Liang and Zheng, Zhedong and Li, Shaozi and Yang, Yi},
	booktitle=cvpr,
	year={2018}
}

% pairwise and triplet comparison
@inproceedings{wang2016joint,
	title={Joint learning of single-image and cross-image representations for person re-identification},
	author={Wang, Faqiang and Zuo, Wangmeng and Lin, Liang and Zhang, David and Zhang, Lei},
	booktitle=cvpr,
	year={2016}
}
% Siamese network + similarity objective function to be optimised for measuring the similarity between a pair of input images
@inproceedings{yi2014deep,
	title={Deep metric learning for person re-identification},
	author={Yi, Dong and Lei, Zhen and Liao, Shengcai and Li, Stan Z},
	booktitle=icpr,
	year={2014}
}
% triplet loss
@article{ding2015deep,
	title={Deep feature learning with relative distance comparison for person re-identification},
	author={Ding, Shengyong and Lin, Liang and Wang, Guangrun and Chao, Hongyang},
	journal=pr,
	year={2015}
}

@article{hinton2015distilling,
	title={Distilling the Knowledge in a Neural Network},
	author={Hinton, Geoffrey and Vinyals, Oriol and Dean, Jeff},
	journal={stat},
	volume={1050},
	pages={9},
	year={2015}
}

@inproceedings{chen2018person,
	title={Person re-identification by deep learning multi-scale representations},
	author={Chen, Yanbei and Zhu, Xiatian and Gong, Shaogang and others},
	year={2018},
	booktitle=iccvw,
}


@inproceedings{yan2017exploiting,
  title={Exploiting Multi-Grain Ranking Constraints for Precisely Searching Visually-similar Vehicles},
  author={Yan, Ke and Tian, Yonghong and Wang, Yaowei and Zeng, Wei and Huang, Tiejun},
  booktitle=iccv,
  pages={562--570},
  year={2017}
}


@article{martinel2015kernelized,
	title={Kernelized saliency-based person re-identification through multiple metric learning},
	author={Martinel, Niki and Micheloni, Christian and Foresti, Gian Luca},
	journal={IEEE Transactions on Image Processing},
	volume={24},
	number={12},
	pages={5645--5658},
	year={2015}
}


@inproceedings{zheng2015scalable,
	title={Scalable person re-identification: A benchmark},
	author={Zheng, Liang and Shen, Liyue and Tian, Lu and Wang, Shengjin and Wang, Jingdong and Tian, Qi},
	booktitle=iccv,
	pages={1116--1124},
	year={2015}
}

@inproceedings{liao2015person,
	title={Person Re-identification by Local Maximal Occurrence Representation and Metric Learning},
	author={Liao, Shengcai and Hu, Yang and Zhu, Xiangyu and Li, Stan Z},
	booktitle=cvpr,
	year={2015}
}

@inproceedings{zheng2015partial,
	title={Partial person re-identification},
	author={Zheng, Wei-Shi and Li, Xiang and Xiang, Tao and Liao, Shengcai and Lai, Jianhuang and Gong, Shaogang},
	booktitle=iccv,
	year={2015}
}


@inproceedings{li2017person,
	title={Person Re-Identification by Deep Joint Learning of Multi-Loss Classification},
	author={Li, Wei and Zhu, Xiatian and Gong, Shaogang},
	booktitle=ijcai,
	year={2017}
}


@article{ma2017person,
	title={Person re-identification by unsupervised video matching},
	author={Ma, Xiaolong and Zhu, Xiatian and Gong, Shaogang and Xie, Xudong and Hu, Jianming and Lam, Kin-Man and Zhong, Yisheng},
	journal={Pattern Recognition},
	volume={65},
	pages={197--210},
	year={2017}
}


@article{chen2017person,
	title={Person re-identification by camera correlation aware feature augmentation},
	author={Chen, Ying-Cong and Zhu, Xiatian and Zheng, Wei-Shi and Lai, Jian-Huang},
	journal=tpami,
	volume={PP}, 
	number={99}, 
	pages={1-1}, 
	year={2017}
}


@inproceedings{wang2016towards,
	title={Towards unsupervised open-set person re-identification},
	author={Wang, Hanxiao and Zhu, Xiatian and Xiang, Tao and Gong, Shaogang},
	booktitle=icip,
	year={2016}
}


@inproceedings{wang2016human,
	title={Human-in-the-loop person re-identification},
	author={Wang, Hanxiao and Gong, Shaogang and Zhu, Xiatian and Xiang, Tao},
	booktitle=eccv,
	year={2016}
}

@inproceedings{wang2016highly,
	title={Highly Efficient Regression for Scalable Person Re-Identification},
	author={Wang, Hanxiao and Gong, Shaogang and Xiang, Tao},
	booktitle=bmvc,
	year={2016}
}

@inproceedings{wang2014person,
	title={Person re-identification by video ranking},
	author={Wang, Taiqing and Gong, Shaogang and Zhu, Xiatian and Wang, Shengjin},
	booktitle={European Conference on Computer Vision},
	pages={688--703},
	year={2014}
}


@inproceedings{tran2017disentangled,
	title={Disentangled representation learning gan for pose-invariant face recognition},
	author={Tran, Luan and Yin, Xi and Liu, Xiaoming},
	booktitle=cvpr,
	year={2017}
}

@inproceedings{liu2017sphereface,
	title={SphereFace: Deep Hypersphere Embedding for Face Recognition},
	author={Liu, Weiyang and Wen, Yandong and Yu, Zhiding and Li, Ming and Raj, Bhiksha and Song, Le},
	booktitle=cvpr,
	year={2017}
}

@inproceedings{nech2017level,
	title={Level Playing Field for Million Scale Face Recognition},
	author={Nech, Aaron and Kemelmacher-Shlizerman, Ira},
	booktitle=cvpr,
	year={2017}
}


@article{peng2017joint,
	title={Joint Semantic and Latent Attribute Modelling for Cross-Class Transfer Learning},
	author={Peng, Peixi and Tian, Yonghong and Xiang, Tao and Wang, Yaowei and Pontil, Massimiliano and Huang, Tiejun},
	journal=tpami,
	year={2017}
}


@article{radford2015unsupervised,
	title={Unsupervised representation learning with deep convolutional generative adversarial networks},
	author={Radford, Alec and Metz, Luke and Chintala, Soumith},
	journal={ICLR},
	year={2016}
}


@inproceedings{farenzena2010person,
	title={Person re-identification by symmetry-driven accumulation of local features},
	author={Farenzena, Michela and Bazzani, Loris and Perina, Alessandro and Murino, Vittorio and Cristani, Marco},
	booktitle=cvpr,
	pages={2360--2367},
	year={2010}
}

@article{wang2016person,
	title={Person re-identification by discriminative selection in video ranking},
	author={Wang, Taiqing and Gong, Shaogang and Zhu, Xiatian and Wang, Shengjin},
	journal=tpami,
	volume={38},
	number={12},
	pages={2501--2514},
	year={2016}
}


@article{russakovsky2015imagenet,
	title={Imagenet large scale visual recognition challenge},
	author={Russakovsky, Olga and Deng, Jia and Su, Hao and Krause, Jonathan and Satheesh, Sanjeev and Ma, Sean and Huang, Zhiheng and Karpathy, Andrej and Khosla, Aditya and Bernstein, Michael and others},
	journal=ijcv,
	volume={115},
	number={3},
	pages={211--252},
	year={2015},
	publisher={Springer}
}

@book{gong2014person,
	title={Person re-identification},
	author={Gong, Shaogang and Cristani, Marco and Yan, Shuicheng and Loy, Chen Change},
	year={2014},
	month={January},
	publisher={Springer}
}




@inproceedings{chatfield2014return,
	title={Return of the devil in the details: Delving deep into convolutional nets},
	author={Chatfield, Ken and Simonyan, Karen and Vedaldi, Andrea and Zisserman, Andrew},
	booktitle=bmvc,
	year={2015}
}

@inproceedings{szegedy2016rethinking,
	title={Rethinking the inception architecture for computer vision},
	author={Szegedy, Christian and Vanhoucke, Vincent and Ioffe, Sergey and Shlens, Jon and Wojna, Zbigniew},
	booktitle=cvpr,
	pages={2818--2826},
	year={2016}
}

@article{abadi2016tensorflow,
	title={Tensorflow: Large-scale machine learning on heterogeneous distributed systems},
	author={Abadi, Mart{\'\i}n and Agarwal, Ashish and Barham, Paul and Brevdo, Eugene and Chen, Zhifeng and Citro, Craig and Corrado, Greg S and Davis, Andy and Dean, Jeffrey and Devin, Matthieu and others},
	journal={arXiv},
	year={2016}
}

@InProceedings{Schroff2015cvpr_facenet,
author = {Schroff, Florian and Kalenichenko, Dmitry and Philbin, James},
title = {FaceNet: A Unified Embedding for Face Recognition and Clustering},
booktitle = {The IEEE Conference on Computer Vision and Pattern Recognition (CVPR)},
month = {June},
year = {2015}
}

@inproceedings{wang2014learning,
  title={Learning fine-grained image similarity with deep ranking},
  author={Wang, Jiang and Song, Yang and Leung, Thomas and Rosenberg, Chuck and Wang, Jingbin and Philbin, James and Chen, Bo and Wu, Ying},
  booktitle={Proceedings of the IEEE Conference on Computer Vision and Pattern Recognition},
  pages={1386--1393},
  year={2014}
}

@INPROCEEDINGS{chopra05cvpr_contrastive, 
author={S. Chopra and R. Hadsell and Y. LeCun}, 
booktitle={2005 IEEE Computer Society Conference on Computer Vision and Pattern Recognition (CVPR'05)}, 
title={Learning a similarity metric discriminatively, with application to face verification}, 
year={2005}, 
volume={1}, 
pages={539-546 vol. 1}, 
}

@InProceedings{szegedy2015CVPR_inception,
author = {Szegedy, Christian and Liu, Wei and Jia, Yangqing and Sermanet, Pierre and Reed, Scott and Anguelov, Dragomir and Erhan, Dumitru and Vanhoucke, Vincent and Rabinovich, Andrew},
title = {Going Deeper With Convolutions},
booktitle = {The IEEE Conference on Computer Vision and Pattern Recognition (CVPR)},
month = {June},
year = {2015}
}

@inproceedings{he2016deep_resnet,
  title={Deep residual learning for image recognition},
  author={He, Kaiming and Zhang, Xiangyu and Ren, Shaoqing and Sun, Jian},
  booktitle={Proceedings of the IEEE Conference on Computer Vision and Pattern Recognition},
  pages={770--778},
  year={2016}
}

@inproceedings{liao2015lomo,
  title={Person re-identification by local maximal occurrence representation and metric learning},
  author={Liao, Shengcai and Hu, Yang and Zhu, Xiangyu and Li, Stan Z},
  booktitle={Proceedings of the IEEE Conference on Computer Vision and Pattern Recognition},
  pages={2197--2206},
  year={2015}
}

@Inbook{Wen2016eccv,
author="Wen, Yandong
and Zhang, Kaipeng
and Li, Zhifeng
and Qiao, Yu",
title="A Discriminative Feature Learning Approach for Deep Face Recognition",
publisher="Springer International Publishing",
bookTitle="Computer Vision -- ECCV 2016: 14th European Conference, Amsterdam, The Netherlands, October 11--14, 2016, Proceedings, Part VII",
year="2016",
}



@inproceedings{zhang2015beyond,
	title={Beyond frontal faces: Improving person recognition using multiple cues},
	author={Zhang, Ning and Paluri, Manohar and Taigman, Yaniv and Fergus, Rob and Bourdev, Lubomir},
	booktitle=cvpr,
	pages={4804--4813},
	year={2015}
}

@inproceedings{guo2016ms,
	title={Ms-celeb-1m: A dataset and benchmark for large-scale face recognition},
	author={Guo, Yandong and Zhang, Lei and Hu, Yuxiao and He, Xiaodong and Gao, Jianfeng},
	booktitle={European Conference on Computer Vision},
	pages={87--102},
	year={2016},
	organization={Springer}
}

@techreport{huang2007labeled,
	title={Labeled faces in the wild: A database for studying face recognition in unconstrained environments},
	author={Huang, Gary B and Ramesh, Manu and Berg, Tamara and Learned-Miller, Erik},
	year={2007},
	institution={Technical Report 07-49, University of Massachusetts, Amherst}
}


@InProceedings{gou2017dukemtmc4reid,
  author = {Gou, Mengran and Karanam, Srikrishna and Liu, Wenqian and Camps, Octavia and Radke, Richard J.},
  title = {DukeMTMC4ReID: A Large-Scale Multi-Camera Person Re-Identification Dataset},
  booktitle = {The IEEE Conference on Computer Vision and Pattern Recognition (CVPR) Workshops},
  month = {July},
  year = {2017}
}

@inproceedings{ristani2016MTMC,
  title = {Performance Measures and a Data Set for Multi-Target, Multi-Camera Tracking},
  author = {Ristani, Ergys and Solera, Francesco and Zou, Roger and Cucchiara, Rita and Tomasi, Carlo},
  booktitle = {European Conference on Computer Vision workshop on Benchmarking Multi-Target Tracking},
  year = {2016}
}




@inproceedings{he2016deep,
	title={Deep residual learning for image recognition},
	author={He, Kaiming and Zhang, Xiangyu and Ren, Shaoqing and Sun, Jian},
	booktitle=cvpr,
	year={2016}
}

@InProceedings{Simonyan15,
	author       = "Simonyan, K. and Zisserman, A.",
	title        = "Very Deep Convolutional Networks for Large-Scale Image Recognition",
	booktitle    = "International Conference on Learning Representations",
	year         = "2015",
}

@inproceedings{lin2014jointly,
	title={Jointly optimizing 3d model fitting and fine-grained classification},
	author={Lin, Yen-Liang and Morariu, Vlad I and Hsu, Winston and Davis, Larry S},
	booktitle=eccv,
	year={2014}
}





@article{lecunNature,
  title={Deep learning},
  author={LeCun, Yann and Bengio, Yoshua and Hinton, Geoffrey},
  journal={Nature},
  volume={521},
  number={7553},
  pages={436--444},
  year={2015},
  publisher={Nature Research}
}

@inproceedings{krizhevsky2012imagenet,
  title={Imagenet classification with deep convolutional neural networks},
  author={Krizhevsky, Alex and Sutskever, Ilya and Hinton, Geoffrey E},
  booktitle=nips,
  pages={1097--1105},
  year={2012}
}

@inproceedings{imagenet,
  title={Imagenet: A large-scale hierarchical image database},
  author={Deng, Jia and Dong, Wei and Socher, Richard and Li, Li-Jia and Li, Kai and Fei-Fei, Li},
  booktitle=cvpr,
  year={2009}
}

@inproceedings{girshick2014rich,
  title={Rich feature hierarchies for accurate object detection and semantic segmentation},
  author={Girshick, Ross and Donahue, Jeff and Darrell, Trevor and Malik, Jitendra},
  booktitle=cvpr,
  year={2014}
}

@inproceedings{girshick2015fast,
	title={Fast r-cnn},
	author={Girshick, Ross},
	booktitle=iccv,
	year={2015}
}

@inproceedings{ren2015faster,
	title={Faster R-CNN: Towards real-time object detection with region proposal networks},
	author={Ren, Shaoqing and He, Kaiming and Girshick, Ross and Sun, Jian},
	booktitle=nips,
	pages={91--99},
	year={2015}
}

@article{simonyan2014very,
	title={Very deep convolutional networks for large-scale image recognition},
	author={Simonyan, Karen and Zisserman, Andrew},
	journal={arXiv preprint arXiv:1409.1556},
	year={2014}
}

@article{HeZR015,
  author    = {Kaiming He and
               Xiangyu Zhang and
               Shaoqing Ren and
               Jian Sun},
  title     = {Delving Deep into Rectifiers: Surpassing Human-Level Performance on
               ImageNet Classification},
  journal   = {CoRR},
  volume    = {abs/1502.01852},
  year      = {2015}
}

%%%%%%%%%%%%%%%%%%%%

@article{zhang2013object,
	title={Object class detection: A survey},
	author={Zhang, Xin and Yang, Yee-Hong and Han, Zhiguang and Wang, Hui and Gao, Chao},
	journal={ACM Computing Surveys (CSUR)},
	volume={46},
	number={1},
	pages={10},
	year={2013},
	publisher={ACM}
}

@misc{pascal-voc-2007,
	author = "Everingham, M. and Van~Gool, L. and Williams, C. K. I. and Winn, J. and Zisserman, A.",
	title = "The {PASCAL} {V}isual {O}bject {C}lasses {C}hallenge 2007 {(VOC2007)} {R}esults",
	howpublished = "http://www.pascal-network.org/challenges/VOC/voc2007/workshop/index.html"}	

@Article{Everingham10, 
	author = "Everingham, M. and Van~Gool, L. and Williams, C. K. I. and Winn, J. and Zisserman, A.", 
	title = "The Pascal Visual Object Classes (VOC) Challenge", 
	journal = "International Journal of Computer Vision", 
	volume = "88", 
	year = "2010", 
	number = "2", 
	month = jun, 
	pages = "303--338", 
} 
@misc{pascal-voc-2012,
	author = "Everingham, M. and Van~Gool, L. and Williams, C. K. I. and Winn, J. and Zisserman, A.",
	title = "The {PASCAL} {V}isual {O}bject {C}lasses {C}hallenge 2012 {(VOC2012)} {R}esults",
	howpublished = "http://www.pascal-network.org/challenges/VOC/voc2012/workshop/index.html"}
@inproceedings{szegedy2015going,
	title={Going deeper with convolutions},
	author={Szegedy, Christian and Liu, Wei and Jia, Yangqing and Sermanet, Pierre and Reed, Scott and Anguelov, Dragomir and Erhan, Dumitru and Vanhoucke, Vincent and Rabinovich, Andrew},
	booktitle={Proceedings of the IEEE Conference on Computer Vision and Pattern Recognition},
	pages={1--9},
	year={2015}
}

@inproceedings{cheng2014bing,
	title={BING: Binarized normed gradients for objectness estimation at 300fps},
	author={Cheng, Ming-Ming and Zhang, Ziming and Lin, Wen-Yan and Torr, Philip},
	booktitle={Proceedings of the IEEE conference on computer vision and pattern recognition},
	pages={3286--3293},
	year={2014}
}

@article{mnih2015human,
	title={Human-level control through deep reinforcement learning},
	author={Mnih, Volodymyr and Kavukcuoglu, Koray and Silver, David and Rusu, Andrei A and Veness, Joel and Bellemare, Marc G and Graves, Alex and Riedmiller, Martin and Fidjeland, Andreas K and Ostrovski, Georg and others},
	journal={Nature},
	volume={518},
	number={7540},
	pages={529--533},
	year={2015},
	publisher={Nature Publishing Group}
}
@article{uijlings2013selective,
	title={Selective search for object recognition},
	author={Uijlings, Jasper RR and van de Sande, Koen EA and Gevers, Theo and Smeulders, Arnold WM},
	journal={International journal of computer vision},
	volume={104},
	number={2},
	pages={154--171},
	year={2013},
	publisher={Springer}
}

@inproceedings{jie2016tree,
	title={Tree-Structured Reinforcement Learning for Sequential Object Localization},
	author={Jie, Zequn and Liang, Xiaodan and Feng, Jiashi and Jin, Xiaojie and Lu, Wen and Yan, Shuicheng},
	booktitle={Advances in Neural Information Processing Systems},
	pages={127--135},
	year={2016}
}
@inproceedings{caicedo2015active,
	title={Active object localization with deep reinforcement learning},
	author={Caicedo, Juan C and Lazebnik, Svetlana},
	booktitle={Proceedings of the IEEE International Conference on Computer Vision},
	pages={2488--2496},
	year={2015}
}

@inproceedings{caicedo2015active,
	title={Active object localization with deep reinforcement learning},
	author={Caicedo, Juan C and Lazebnik, Svetlana},
	booktitle={Proceedings of the IEEE International Conference on Computer Vision},
	pages={2488--2496},
	year={2015}
}
@inproceedings{mathe2016reinforcement,
	title={Reinforcement learning for visual object detection},
	author={Mathe, Stefan and Pirinen, Aleksis and Sminchisescu, Cristian},
	booktitle={Proceedings of the IEEE Conference on Computer Vision and Pattern Recognition},
	pages={2894--2902},
	year={2016}
}
@article{mnih2013playing,
	title={Playing atari with deep reinforcement learning},
	author={Mnih, Volodymyr and Kavukcuoglu, Koray and Silver, David and Graves, Alex and Antonoglou, Ioannis and Wierstra, Daan and Riedmiller, Martin},
	journal={arXiv preprint arXiv:1312.5602},
	year={2013}
}
@article{hinton2006fast,
	title={A fast learning algorithm for deep belief nets},
	author={Hinton, Geoffrey E and Osindero, Simon and Teh, Yee-Whye},
	journal={Neural computation},
	volume={18},
	number={7},
	pages={1527--1554},
	year={2006},
	publisher={MIT Press}
}
@article{hinton2006reducing,
	title={Reducing the dimensionality of data with neural networks},
	author={Hinton, Geoffrey E and Salakhutdinov, Ruslan R},
	journal={Science},
	volume={313},
	number={5786},
	pages={504--507},
	year={2006},
	publisher={American Association for the Advancement of Science}
}
@article{mnih2015human,
	title={Human-level control through deep reinforcement learning},
	author={Mnih, Volodymyr and Kavukcuoglu, Koray and Silver, David and Rusu, Andrei A and Veness, Joel and Bellemare, Marc G and Graves, Alex and Riedmiller, Martin and Fidjeland, Andreas K and Ostrovski, Georg and others},
	journal={Nature},
	volume={518},
	number={7540},
	pages={529--533},
	year={2015},
	publisher={Nature Publishing Group}
}
@article{bellemare2016unifying,
	title={Unifying Count-Based Exploration and Intrinsic Motivation},
	author={Bellemare, Marc G and Srinivasan, Sriram and Ostrovski, Georg and Schaul, Tom and Saxton, David and Munos, Remi},
	journal={arXiv preprint arXiv:1606.01868},
	year={2016}
}
@article{osband2016deep,
	title={Deep Exploration via Bootstrapped DQN},
	author={Osband, Ian and Blundell, Charles and Pritzel, Alexander and Van Roy, Benjamin},
	journal={arXiv preprint arXiv:1602.04621},
	year={2016}
}
@article{osband2014generalization,
	title={Generalization and Exploration via Randomized Value Functions},
	author={Osband, Ian and Van Roy, Benjamin and Wen, Zheng},
	journal={arXiv preprint arXiv:1402.0635},
	year={2014}
}
@article{duan2016benchmarking,
	title={Benchmarking Deep Reinforcement Learning for Continuous Control},
	author={Duan, Yan and Chen, Xi and Houthooft, Rein and Schulman, John and Abbeel, Pieter},
	journal={arXiv preprint arXiv:1604.06778},
	year={2016}
}
@article{o2010play,
	title={Play it again: reactivation of waking experience and memory},
	author={O’Neill, Joseph and Pleydell-Bouverie, Barty and Dupret, David and Csicsvari, Jozsef},
	journal={Trends in neurosciences},
	volume={33},
	number={5},
	pages={220--229},
	year={2010},
	publisher={Elsevier}
}
@article{van2015deep,
	title={Deep reinforcement learning with double Q-learning},
	author={Van Hasselt, Hado and Guez, Arthur and Silver, David},
	journal={CoRR, abs/1509.06461},
	year={2015}
}
@inproceedings{hasselt2010double,
	title={Double Q-learning},
	author={Hasselt, Hado V},
	booktitle={Advances in Neural Information Processing Systems},
	pages={2613--2621},
	year={2010}
}
@article{schaul2015prioritized,
	title={Prioritized experience replay},
	author={Schaul, Tom and Quan, John and Antonoglou, Ioannis and Silver, David},
	journal={arXiv preprint arXiv:1511.05952},
	year={2015}
}
@article{wang2015dueling,
	title={Dueling network architectures for deep reinforcement learning},
	author={Wang, Ziyu and de Freitas, Nando and Lanctot, Marc},
	journal={arXiv preprint arXiv:1511.06581},
	year={2015}
}
@article{hausknecht2015deep,
	title={Deep recurrent q-learning for partially observable mdps},
	author={Hausknecht, Matthew and Stone, Peter},
	journal={arXiv preprint arXiv:1507.06527},
	year={2015}
}
@article{mnih2016asynchronous,
	title={Asynchronous methods for deep reinforcement learning},
	author={Mnih, Volodymyr and Badia, Adria Puigdomenech and Mirza, Mehdi and Graves, Alex and Lillicrap, Timothy P and Harley, Tim and Silver, David and Kavukcuoglu, Koray},
	journal={arXiv preprint arXiv:1602.01783},
	year={2016}
}

@article{gu2016continuous,
title={Continuous Deep Q-Learning with Model-based Acceleration},
author={Gu, Shixiang and Lillicrap, Timothy and Sutskever, Ilya and Levine, Sergey},
journal={arXiv preprint arXiv:1603.00748},
year={2016}
}
@inproceedings{he2014spatial,
	title={Spatial pyramid pooling in deep convolutional networks for visual recognition},
	author={He, Kaiming and Zhang, Xiangyu and Ren, Shaoqing and Sun, Jian},
	booktitle={European Conference on Computer Vision},
	pages={346--361},
	year={2014},
	organization={Springer}
}
@inproceedings{redmon2016you,
	title={You only look once: Unified, real-time object detection},
	author={Redmon, Joseph and Divvala, Santosh and Girshick, Ross and Farhadi, Ali},
	booktitle={Proceedings of the IEEE Conference on Computer Vision and Pattern Recognition},
	pages={779--788},
	year={2016}
}

@inproceedings{szegedy2015going,
	title={Going deeper with convolutions},
	author={Szegedy, Christian and Liu, Wei and Jia, Yangqing and Sermanet, Pierre and Reed, Scott and Anguelov, Dragomir and Erhan, Dumitru and Vanhoucke, Vincent and Rabinovich, Andrew},
	booktitle={Proceedings of the IEEE Conference on Computer Vision and Pattern Recognition},
	pages={1--9},
	year={2015}
}

@inproceedings{cheng2014bing,
	title={BING: Binarized normed gradients for objectness estimation at 300fps},
	author={Cheng, Ming-Ming and Zhang, Ziming and Lin, Wen-Yan and Torr, Philip},
	booktitle={Proceedings of the IEEE conference on computer vision and pattern recognition},
	pages={3286--3293},
	year={2014}
}

@article{mnih2015human,
	title={Human-level control through deep reinforcement learning},
	author={Mnih, Volodymyr and Kavukcuoglu, Koray and Silver, David and Rusu, Andrei A and Veness, Joel and Bellemare, Marc G and Graves, Alex and Riedmiller, Martin and Fidjeland, Andreas K and Ostrovski, Georg and others},
	journal={Nature},
	volume={518},
	number={7540},
	pages={529--533},
	year={2015},
	publisher={Nature Publishing Group}
}
@article{mnih2013playing,
	title={Playing atari with deep reinforcement learning},
	author={Mnih, Volodymyr and Kavukcuoglu, Koray and Silver, David and Graves, Alex and Antonoglou, Ioannis and Wierstra, Daan and Riedmiller, Martin},
	journal={arXiv preprint arXiv:1312.5602},
	year={2013}
}
@article{hinton2006fast,
	title={A fast learning algorithm for deep belief nets},
	author={Hinton, Geoffrey E and Osindero, Simon and Teh, Yee-Whye},
	journal={Neural computation},
	volume={18},
	number={7},
	pages={1527--1554},
	year={2006},
	publisher={MIT Press}
}
@article{hinton2006reducing,
	title={Reducing the dimensionality of data with neural networks},
	author={Hinton, Geoffrey E and Salakhutdinov, Ruslan R},
	journal={Science},
	volume={313},
	number={5786},
	pages={504--507},
	year={2006},
	publisher={American Association for the Advancement of Science}
}
@article{duan2016benchmarking,
	title={Benchmarking Deep Reinforcement Learning for Continuous Control},
	author={Duan, Yan and Chen, Xi and Houthooft, Rein and Schulman, John and Abbeel, Pieter},
	journal={arXiv preprint arXiv:1604.06778},
	year={2016}
}
@article{o2010play,
	title={Play it again: reactivation of waking experience and memory},
	author={O’Neill, Joseph and Pleydell-Bouverie, Barty and Dupret, David and Csicsvari, Jozsef},
	journal={Trends in neurosciences},
	volume={33},
	number={5},
	pages={220--229},
	year={2010},
	publisher={Elsevier}
}
@article{van2015deep,
	title={Deep reinforcement learning with double Q-learning},
	author={Van Hasselt, Hado and Guez, Arthur and Silver, David},
	journal={CoRR, abs/1509.06461},
	year={2015}
}
@inproceedings{hasselt2010double,
	title={Double Q-learning},
	author={Hasselt, Hado V},
	booktitle={Advances in Neural Information Processing Systems},
	pages={2613--2621},
	year={2010}
}
@article{schaul2015prioritized,
	title={Prioritized experience replay},
	author={Schaul, Tom and Quan, John and Antonoglou, Ioannis and Silver, David},
	journal={arXiv preprint arXiv:1511.05952},
	year={2015}
}
@article{wang2015dueling,
	title={Dueling network architectures for deep reinforcement learning},
	author={Wang, Ziyu and de Freitas, Nando and Lanctot, Marc},
	journal={arXiv preprint arXiv:1511.06581},
	year={2015}
}
@article{hausknecht2015deep,
	title={Deep recurrent q-learning for partially observable mdps},
	author={Hausknecht, Matthew and Stone, Peter},
	journal={arXiv preprint arXiv:1507.06527},
	year={2015}
}
@article{mnih2016asynchronous,
	title={Asynchronous methods for deep reinforcement learning},
	author={Mnih, Volodymyr and Badia, Adria Puigdomenech and Mirza, Mehdi and Graves, Alex and Lillicrap, Timothy P and Harley, Tim and Silver, David and Kavukcuoglu, Koray},
	journal={arXiv preprint arXiv:1602.01783},
	year={2016}
}
@article{gu2016continuous,
title={Continuous Deep Q-Learning with Model-based Acceleration},
author={Gu, Shixiang and Lillicrap, Timothy and Sutskever, Ilya and Levine, Sergey},
journal={arXiv preprint arXiv:1603.00748},
year={2016}
}
@inproceedings{he2014spatial,
	title={Spatial pyramid pooling in deep convolutional networks for visual recognition},
	author={He, Kaiming and Zhang, Xiangyu and Ren, Shaoqing and Sun, Jian},
	booktitle={European Conference on Computer Vision},
	pages={346--361},
	year={2014},
	organization={Springer}
}
@inproceedings{redmon2016you,
	title={You only look once: Unified, real-time object detection},
	author={Redmon, Joseph and Divvala, Santosh and Girshick, Ross and Farhadi, Ali},
	booktitle={Proceedings of the IEEE Conference on Computer Vision and Pattern Recognition},
	pages={779--788},
	year={2016}
}
@inproceedings{liu2016ssd,
	title={SSD: Single shot multibox detector},
	author={Liu, Wei and Anguelov, Dragomir and Erhan, Dumitru and Szegedy, Christian and Reed, Scott and Fu, Cheng-Yang and Berg, Alexander C},
	booktitle={European Conference on Computer Vision},
	pages={21--37},
	year={2016},
	organization={Springer}
}

%%%% Vehicle ReID papers %%%

@InProceedings{Wang_2017_ICCV,
author = {Wang, Zhongdao and Tang, Luming and Liu, Xihui and Yao, Zhuliang and Yi, Shuai and Shao, Jing and Yan, Junjie and Wang, Shengjin and Li, Hongsheng and Wang, Xiaogang},
title = {Orientation Invariant Feature Embedding and Spatial Temporal Regularization for Vehicle Re-Identification},
booktitle = iccv,
year = {2017}
}

@inproceedings{Liu2016cvpr_drdl,
  author    = {Hongye Liu and
               YongHong Tian and
               Yaowei Wang and
               Lu Pang and
               Tiejun Huang},
  title     = {Deep Relative Distance Learning: Tell the Difference between Similar
               Vehicles},
  booktitle = cvpr,
  year      = {2016}
}

@inproceedings{Liu2016eccv_veri,
  author    = {Xinchen Liu and
               Wu Liu and
               Tao Mei and
               Huadong Ma},
  title     = {A Deep Learning-Based Approach to Progressive Vehicle Re-identification
               for Urban Surveillance},
  booktitle = eccv,
  year      = {2016}
}

@inproceedings{Liu2016icme-veri,
	title={Large-scale vehicle re-identification in urban surveillance videos},
	author={Liu, Xinchen and Liu, Wu and Ma, Huadong and Fu, Huiyuan},
	booktitle=icme,
	year={2016}
}

@InProceedings{Shen_2017_ICCV,
author = {Shen, Yantao and Xiao, Tong and Li, Hongsheng and Yi, Shuai and Wang, Xiaogang},
title = {Learning Deep Neural Networks for Vehicle Re-ID With Visual-Spatio-Temporal Path Proposals},
booktitle = iccv,
year = {2017}
}
%%% Other Vehicle Related %%%

@InProceedings{yang2015compcars,
author = {Yang, Linjie and Luo, Ping and Change Loy, Chen and Tang, Xiaoou},
title = {A Large-Scale Car Dataset for Fine-Grained Categorization and Verification},
booktitle = cvpr,
year = {2015}
}
@inproceedings{sochor2016boxcars,
	title={Boxcars: 3d boxes as cnn input for improved fine-grained vehicle recognition},
	author={Sochor, Jakub and Herout, Adam and Havel, Jiri},
	booktitle=cvpr,
	pages={3006--3015},
	year={2016}
}
@article{hu2017deep,
	title={Deep CNNs With Spatially Weighted Pooling for Fine-Grained Car Recognition},
	author={Hu, Qichang and Wang, Huibing and Li, Teng and Shen, Chunhua},
	journal={IEEE Transactions on Intelligent Transportation Systems},
	year={2017}
}

@article{gu2013car,
	title={Car model recognition by utilizing symmetric property to overcome severe pose variation},
	author={Gu, Hui-Zhen and Lee, Suh-Yin},
	journal={Machine Vision and Applications},
	volume={24},
	number={2},
	pages={255--274},
	year={2013}
}
@inproceedings{liao2015exploiting,
	title={Exploiting effects of parts in fine-grained categorization of vehicles},
	author={Liao, Liang and Hu, Ruimin and Xiao, Jun and Wang, Qi and Xiao, Jing and Chen, Jun},
	booktitle= icip,
	year={2015}
}

@inproceedings{zapletal2016vehicle,
	title={Vehicle re-identification for automatic video traffic surveillance},
	author={Zapletal, Dominik and Herout, Adam},
	booktitle={IEEE Conference on Computer Vision and Pattern Recognition Workshops},
	pages={1568--1574},
	year={2016}
}

@article{feris2012large,
	title={Large-scale vehicle detection, indexing, and search in urban surveillance videos},
	author={Feris, Rogerio Schmidt and Siddiquie, Behjat and Petterson, James and Zhai, Yun and Datta, Ankur and Brown, Lisa M and Pankanti, Sharath},
	journal={IEEE Transactions on Multimedia},
	volume={14},
	number={1},
	pages={28--42},
	year={2012}
}

@article{detrac_wen,
  author    = {Longyin Wen and Dawei Du and Zhaowei Cai and Zhen Lei and Ming{-}Ching Chang and
               Honggang Qi and Jongwoo Lim and Ming{-}Hsuan Yang and Siwei Lyu},
  title     = { {UA-DETRAC:} {A} New Benchmark and Protocol for Multi-Object Detection and Tracking},
  journal   = {arXiv},
  volume    = {abs/1511.04136},
  year      = {2015}
}   

% End Vehicle Re-ID papers

%%% Misc

@article{adelson1984pyramid,
	title={Pyramid methods in image processing},
	author={Adelson, Edward H and Anderson, Charles H and Bergen, James R and Burt, Peter J and Ogden, Joan M},
	journal={RCA Engineer},
	volume={29},
	number={6},
	pages={33--41},
	year={1984}
}

@inproceedings{newell2016stacked,
	title={Stacked hourglass networks for human pose estimation},
	author={Newell, Alejandro and Yang, Kaiyu and Deng, Jia},
	booktitle={European Conference on Computer Vision},
	pages={483--499},
	year={2016}
}

@inproceedings{taigman2014deepface,
	title={Deepface: Closing the gap to human-level performance in face verification},
	author={Taigman, Yaniv and Yang, Ming and Ranzato, Marc'Aurelio and Wolf, Lior},
	booktitle=cvpr,
	pages={1701--1708},
	year={2014}
}


@inproceedings{zhang2014facial,
	title={Facial landmark detection by deep multi-task learning},
	author={Zhang, Zhanpeng and Luo, Ping and Loy, Chen Change and Tang, Xiaoou},
	booktitle={European Conference on Computer Vision},
	pages={94--108},
	year={2014}
}


@article{howard2017mobilenets,
	title={Mobilenets: Efficient convolutional neural networks for mobile vision applications},
	author={Howard, Andrew G and Zhu, Menglong and Chen, Bo and Kalenichenko, Dmitry and Wang, Weijun and Weyand, Tobias and Andreetto, Marco and Adam, Hartwig},
	journal={arXiv preprint arXiv:1704.04861},
	year={2017}
}

@inproceedings{lazebnik2006beyond,
	title={Beyond bags of features: Spatial pyramid matching for recognizing natural scene categories},
	author={Lazebnik, Svetlana and Schmid, Cordelia and Ponce, Jean},
	booktitle=cvpr,
	year={2006}
}

@inproceedings{klare2015pushing,
	title={Pushing the frontiers of unconstrained face detection and recognition: IARPA Janus Benchmark A},
	author={Klare, Brendan F and Klein, Ben and Taborsky, Emma and Blanton, Austin and Cheney, Jordan and Allen, Kristen and Grother, Patrick and Mah, Alan and Jain, Anil K},
	booktitle=cvpr,
	year={2015}
}



@inproceedings{ristani2016MTMC,
  title = {Performance Measures and a Data Set for Multi-Target, Multi-Camera Tracking},
  author = {Ristani, Ergys and Solera, Francesco and Zou, Roger and Cucchiara, Rita and Tomasi, Carlo},
  booktitle = {European Conference on Computer Vision workshop on Benchmarking Multi-Target Tracking},
  year = {2016}
}

@article{hermans2017defense,
  author    = {Alexander Hermans and
               Lucas Beyer and
               Bastian Leibe},
  title     = {In Defense of the Triplet Loss for Person Re-Identification},
  journal   = {arXiv},
  year      = {2017}
}
